@article{Witten:1998qj,
  author        = {Witten, Edward},
  title         = {{Anti-de Sitter space and holography}},
  eprint        = {hep-th/9802150},
  archiveprefix = {arXiv},
  reportnumber  = {IASSNS-HEP-98-15},
  doi           = {10.4310/ATMP.1998.v2.n2.a2},
  journal       = {Adv. Theor. Math. Phys.},
  volume        = {2},
  pages         = {253--291},
  year          = {1998}
}
