@article{tanaka2017detection,
  title     = {Detection of phase transition via convolutional neural networks},
  author    = {Tanaka, Akinori and Tomiya, Akio},
  journal   = {Journal of the Physical Society of Japan},
  volume    = {86},
  number    = {6},
  pages     = {063001},
  year      = {2017},
  publisher = {The Physical Society of Japan}
}
@article{carrasquilla2017machine,
  title     = {Machine learning phases of matter},
  author    = {Carrasquilla, Juan and Melko, Roger G},
  journal   = {Nature Physics},
  volume    = {13},
  number    = {5},
  pages     = {431--434},
  year      = {2017},
  publisher = {Nature Publishing Group UK London}
}
@article{吉岡信行2021物理学者,
  title     = {物理学者, 機械学習を使う; 機械学習・深層学習の物理学への応用},
  author    = {吉岡信行},
  journal   = {日本物理学会誌},
  volume    = {76},
  number    = {8},
  pages     = {545--546},
  year      = {2021},
  publisher = {一般社団法人 日本物理学会}
}